@misc{august,
  author       = {CraftPix},
  title        = {Sprite August},
  howpublished = {\url{https://craftpix.net/freebies/free-knight-character-sprites-pixel-art/}},
  year         = {2024}
}

@misc{stella,
  author       = {CraftPix},
  title        = {Sprite Stella},
  howpublished = {\url{https://craftpix.net/freebies/free-yokai-pixel-art-character-sprites/}},
  year         = {2024}
}

@misc{erik,
  author       = {CraftPix},
  title        = {Sprite Erik},
  howpublished = {\url{https://craftpix.net/freebies/free-ninja-sprite-sheets-pixel-art/}},
  year         = {2024}
}

@misc{dummy,
  author       = {MonoPixelArt},
  title        = {Sprite Dummy},
  howpublished = {\url{https://monopixelart.itch.io/forest-monsters-pixel-art}},
  year         = {2024}
}

@misc{flying,
  author       = {Xzany},
  title        = {Sprite Flying},
  howpublished = {\url{https://xzany.itch.io/flying-demon-2d-pixel-art}},
  year         = {2024}
}

@misc{mage,
  author       = {Xzany},
  title        = {Sprite Mage},
  howpublished = {\url{https://lionheart963.itch.io/wizard}},
  year         = {2024}
}

@misc{balrog,
  author       = {Xzany},
  title        = {Sprite Balrog},
  howpublished = {\url{https://chierit.itch.io/free-cthulu}},
  year         = {2024}
}

@misc{ganon,
  author       = {Xzany},
  title        = {Sprite Ganon},
  howpublished = {\url{https://darkpixel-kronovi.itch.io/mecha-golem-free}},
  year         = {2024}
}

@misc{demagorgon,
  author       = {Xzany},
  title        = {Sprite Demagorgon},
  howpublished = {\url{https://chierit.itch.io/boss-frost-guardian}},
  year         = {2024}
}

@misc{oblisk,
  author       = {Xzany},
  title        = {Sprite Obelisk},
  howpublished = {\url{https://creativekind.itch.io/obelisk}},
  year         = {2024}
}

@misc{ground,
  author       = {Brullov},
  title        = {Sprite Ground and Background},
  howpublished = {\url{https://brullov.itch.io/oak-woods}},
  year         = {2024}
}
